<record xmlns:xsi="http://www.w3.org/2001/XMLSchema-instance" xmlns="http://www.loc.gov/MARC21/slim" xsi:schemaLocation="http://www.loc.gov/MARC21/slim http://www.loc.gov/standards/marcxml/schema/MARC21slim.xsd">

  <leader>01804nab a2200193   4500</leader>
  <controlfield tag="005">20160328165331.0</controlfield>
  <controlfield tag="008">151015b2004    cr f|||| |||| 00| 0 spa d</controlfield>
  <datafield tag="090" ind2=" " ind1=" ">
    <subfield code="a">REVIS 06.02.01</subfield>
  </datafield>
  <datafield ind1="1" tag="100" ind2=" ">
    <subfield code="9">1124</subfield>
    <subfield code="a">Hernández Martín, Azucena</subfield>
  </datafield>
  <datafield tag="245" ind2="3" ind1="1">
    <subfield code="a">El profesorado universitario desde una perspectiva de género /</subfield>
    <subfield code="c">Azucena Hernández Martín, Ana García-Valcárcel Muñoz-Repiso, María Sánchez Gómez</subfield>
  </datafield>
  <datafield ind1=" " ind2=" " tag="260">
    <subfield code="a">San José, Costa Rica :</subfield>
    <subfield code="b">Editorial Universidad de Costa Rica,</subfield>
    <subfield code="c">2004</subfield>
  </datafield>
  <datafield ind1=" " tag="300" ind2=" ">
    <subfield code="a">páginas 105-143</subfield>
  </datafield>
  <datafield ind1=" " ind2=" " tag="520">
    <subfield code="a">En este artículo presentamos un estudio de las instituciones universitarias de Castilla y León, y más concretamente de su personal docente, desde una perspectiva de género. Con la finalidad de que sirva como marco de referencia efectuamos, en primer lugar, algunas reflexiones sobre la relación entre el género, la formación y las posibilidades de acceso laboral; en segundo lugar recogemos y comentamos algunos datos en torno a la evolución experimentada por la Universidad Española, en relación con la participación de la mujer entre su profesorado. Este mismo aspecto es revisado también en un otro epígrafe del artículo, en el que nos centramos ya propiamente en las instituciones universitarias de Castilla y León. Por último, describimos la investigación que sobre género y función docente hemos desarrollado durante el curso académico 2001-2002 en la citada comunidad autónoma, presentando los principales resultados al respecto</subfield>
  </datafield>
  <datafield ind1="1" ind2="4" tag="650">
    <subfield code="9">1</subfield>
    <subfield code="a">EDUCACIÓN</subfield>
  </datafield>
  <datafield ind1=" " tag="700" ind2=" ">
    <subfield code="9">897</subfield>
    <subfield code="a">García-Valcárcel Muñoz-Repiso, Ana</subfield>
  </datafield>
  <datafield tag="700" ind2=" " ind1=" ">
    <subfield code="9">558</subfield>
    <subfield code="a">Sánchez Gómez, Ma. Cruz</subfield>
  </datafield>
  <datafield ind1="0" tag="773" ind2=" ">
    <subfield code="d">San José, Costa Rica : Editorial de la Universidad de Costa Rica, 1997-</subfield>
    <subfield code="o">R0253</subfield>
    <subfield code="t">EDUCACIÓN: Revista de la Universidad de Costa Rica</subfield>
    <subfield code="g">Vol.28, no.2 (2004)</subfield>
  </datafield>
  <datafield tag="942" ind2=" " ind1=" ">
    <subfield code="2">z</subfield>
    <subfield code="c">10</subfield>
  </datafield>
  <datafield ind1=" " ind2=" " tag="999">
    <subfield code="c">2916</subfield>
    <subfield code="d">2916</subfield>
  </datafield>
</record>